<record xmlns="http://www.loc.gov/MARC21/slim" xmlns:xsi="http://www.w3.org/2001/XMLSchema-instance" xsi:schemaLocation="http://www.loc.gov/MARC21/slim http://www.loc.gov/standards/marcxml/schema/MARC21slim.xsd">

  <leader>00403nam a2200133Ia 4500</leader>
  <datafield ind1=" " tag="999" ind2=" ">
    <subfield code="c">1205</subfield>
    <subfield code="d">1205</subfield>
  </datafield>
  <controlfield tag="008">170505b1983    ck ||||| |||| 00| | spa d</controlfield>
  <datafield tag="090" ind2=" " ind1=" ">
    <subfield code="a">92 </subfield>
    <subfield code="b">B226m</subfield>
  </datafield>
  <datafield ind1="1" tag="100" ind2=" ">
    <subfield code="a">Mattos, Odette</subfield>
    <subfield code="9">2700</subfield>
  </datafield>
  <datafield tag="245" ind2="0" ind1="1">
    <subfield code="a">Valores : Magdalena Sofía Barat</subfield>
  </datafield>
  <datafield ind1=" " tag="260" ind2=" ">
    <subfield code="a">Bogotá, Colombia : </subfield>
    <subfield code="b">Conferación Latinoamericana de Religiosos, </subfield>
    <subfield code="c">1983</subfield>
  </datafield>
  <datafield ind2=" " tag="300" ind1=" ">
    <subfield code="a">213 páginas</subfield>
  </datafield>
  <datafield ind1=" " tag="600" ind2="0">
    <subfield code="9">2701</subfield>
    <subfield code="a">BARAT MAGDALENA SOFIA</subfield>
  </datafield>
  <datafield tag="942" ind2=" " ind1=" ">
    <subfield code="2">z</subfield>
    <subfield code="c">01</subfield>
  </datafield>
</record>